
@article{rcnn,
authors = "Kaiming He and Georgia Gkioxari and Piotr Dollár and Ross Girshick", 
year = "2017",
title = "Mask R-CNN",
journal = "Computer Vision (ICCV), 2017 IEEE International Conference",
note = "arXiv:1703.06870v3"
}
@article{ref1,
title = "Segmentation d’Images Couleur : application à la cytologie des séreuses en vue d’un tri informatique cellulaire",
authors = "Olivier Lezoray and Abderrahim Elmoataz and Hubert Cardot and Gilles Gougeon and Michel Lecluse and Hubert Elie and Marinette Revenu",
journal = "2014",
note = "HAL Id: hal-00960829, https://hal.archives-ouvertes.fr/hal-00960829"
}
@article{im1,
	author = "C. Szegedy and W. Liu and Y. Jia and P. Sermanet and S. Reed and D. Anguelov and D. Erhan and V. Vanhoucke and A. Rabinovich", title = "Going deeper with convolutions", journal = "Proceedings of the IEEE Conference on Computer Vision and Pattern Recognition (CVPR)", year = "2015", note = "pp. 1–9"
}
@phdthesis{ref2,
	title = "Segmentation d’images par morphologie mathématique
	et classification de données par réseaux de neurones :
	Application à la classification de cellules en cytologie des
	séreuses",
	authors = "Olivier Lezoray",
	year = "2015",
	note = "HAL Id: tel-01100427, https://hal.archives-ouvertes.fr/tel-01100427"
}
