@article{meuphirim,
author = "Rim Shayakhmetov et Engelbert Mephu Nguifo",
title = "Deep Learning for Photo-z estimation",
journal = "Data Science Innovative Days MADICS 2017, poster session,",
DOI = "github.com/shayakhmetov/redshift_prediction/blob/master/Poster_MaDICS.pdf",
year = "2017"
}
@article{isanto,
author = "A. D’Isanto and K.L. Polsterer",
title = "Photometric redshift estimation via deep learning",
journal = "Astrophysics - Instrumentation and Methods for Astrophysics, arXiv:1706.02467 [astro-ph.IM]",
DOI = "10.1051/0004-6361/201731326",
year = "2017"
}
@misc{chollet2015keras,
  title={Keras},
  author={Chollet, Fran\c{c}ois and others},
  year={2015},
  howpublished={\url{https://keras.io}},
}
@misc{sdss,
  title={SDSS Data Release 13},
  author={Chollet, Fran\c{c}ois and others},
  howpublished={\url{http://www.sdss.org/dr13/}},
}
@article{Narciso,
author = "Narciso.~Benıtez",
title = "Bayesian photometric redshift estimation",
journal = "arXiv:astro-ph/9811189v1",
DOI = "10.1086/308947",
year = {1998}
}
@article{Gabriel,
author = "Gabriel B. Brammer, Pieter G. van Dokkum and Paolo Coppi",
title = "EAZY: A FAST, PUBLIC PHOTOMETRIC REDSHIFT CODE",
journal = "Astrophysical Journal ",
year = "2007"
}

@article{adrian,
author = "ADRIAN A. COLLISTER AND OFER LAHAV",
title = "ANNZ: ESTIMATING PHOTOMETRIC REDSHIFTS USING ARTIFICIAL NEURAL NETWORKS",
journal = "arXiv:astro-ph/0311058v2",
DOI = "10.1086/383254",
year = "2004"
} 

@article{ben,
author = "Ben Hoyle",
title = "Measuring photometric redshifts using galaxy images and Deep Neural Networks",
journal = "arXiv:1504.07255v2  [astro-ph.IM]",
year = "2016"
}

@article{sql,
author = " Robert.Beck Laszlo.Dobosa Tamas.Budavari Alexander S.Szalay and Istvan Csabaia",
title = "Photo-z-SQL: integrated,exible photometric redshift computation in a database",
journal = "arXiv:1611.01560v2 [astro-ph.GA]",
DOI = "10.1016/j.ascom.2017.03.002",
year = "2017"
} 

@article{stack,
author = "Roman.Zitlau Ben.Hoyle Kerstin.Paech Jochen.Weller Markus Michael Rau and Stella Seitz",
title = "Stacking for machine learning redshifts applied to SDSS galaxies",
journal = "arXiv:1602.06294v2  [astro-ph.IM]",
DOI = "10.1093/mnras/stw1454",
year = "2016"
} 

@article{batch,
author = "Sergey Ioffe and Christian Szegedy",
title = "Batch Normalization: Accelerating Deep Network Training by Reducing Internal Covariate Shift",
journal = "arXiv:1502.03167v3 [cs.LG]",
year = "2015"
}

@article{photoSED,
author = "M.Bolzonella J.-M.Miralles and R. Pello",
title = "Photometric redshift based on standard SED fitting procedures",
journal = "A\&A 363, 476",
DOI = "	arXiv:astro-ph/0003380", 
year = "2000"
}



@article{tcnn1,
author = "J. Ngiam and Z. Chen and D. Chia and P. W. Kohand Q. V. Le and A. Y. Ng",
title = "Tiled convolutional neural networks",
journal = "Proceedings of the
Advances in Neural Information Processing Systems (NIPS)",
year = "2010",
note={pp. 1279–1287}
}

@article{tcnn2, 
author = "Z. Wang and T. Oates", 
title = "Encoding time series as images for visual inspection and classification using tiled convolutional neural networks", journal = "Proceedings of the Association for the Advancement of Artificial Intelligence (AAAI) Workshops", year = "2015"
}
@article{tcnn3, 
author = "Y. Zheng and Q. Liu and E. Chen and Y. Ge and J. L. Zhao", title = "Time series classification using multi-channels deep convolutional neural networks", journal = "Proceedings of the International Conference on Web-Age Information Management (WAIM)", year = "2014", note = "pp.298–310"
}

@article{transcd1,
author = {M. D. Zeiler and  R. Fergus}, 
title = "Visualizing and understanding convolutional networks",
journal = "Proceedings of the European Conference
on Computer Vision (ECCV)", 
year = "2014", 
note = "pp. 818–833"
}

@article{transcd2,
author = "M. D. Zeiler and D. Krishnan and  G. W. Taylor and  R. Fergus", 
title = "Deconvolutional networks", journal ="Proceedings of the IEEE Conference on Computer Vision and Pattern Recognition (CVPR)", 
year = "2010", 
note = "pp. 2528–2535"
}

@article{transcd3,
author = "M. D. Zeiler and G. W. Taylor and  R. Fergus", title = "Adaptive deconvolutional networks for mid and high level feature learning", journal = "Proceedings of the International Conference on Computer Vision (ICCV)", year = "2011", 
note = "pp. 2018–2025"
}
@article{transcd4,
author = "J. Long and E. Shelhamer and T. Darrell", title = "Fully convolutional networks for semantic segmentation", 
journal = "IEEE Transactions on Pattern Analysis and Machine Intelligence (PAMI)", note = "pp. 640–651", year = "2017"
}

@article{transcd5,
author = "F. Visin and  K. Kastner and A. Courville and Y. Bengio and  M. Matteucci and K. Cho", title = "Reseg: A recurrent neural network for object segmentation", 
journal = " Proceedings of the IEEE Conference on Computer Vision and Pattern Recognition (CVPR)Workshops",
year = "2015"
}


@article{dilate1,
author = "F. Yu and  V. Koltun", title = "Multi-scale context aggregation by dilated convolutions",journal = "Proceedings of the International Conference on Learning Representations (ICLR)", year = "2016"}
@article{dilate2,
author = "N. Kalchbrenner and L. Espeholt and K. Simonyan and A. v. d. Oord and A. Graves and K. Kavukcuoglu",  title = "Neural machine translation in linear time", 
note = "CoRR abs/1610.10099"
}

@article{dilate3,
author = "A. v. d. Oord and S. Dieleman and H. Zen and K. Simonyan and O. Vinyals and A. Graves and N. Kalchbrenner and A. Senior and K. Kavukcuoglu ", 
title = "Wavenet: A generative model for raw audio",
note = "CoRR abs/1609.03499"
}
@article{dilate4,
author = "T. Sercu and V. Goel", title = "Dense prediction on sequences with time-dilated convolutions for speech recognition", journal = " Proceedings of the Advances in Neural Information Processing Systems (NIPS) Workshops", year = "2016"
}

@article{nin1,
author = "M. Lin and Q. Chen and S. Yan", title = "Network in network", journal = "Proceedings of the International Conference on Learning Representations (ICLR)", year = "2014"
}

@article{im1,
author = "C. Szegedy and W. Liu and Y. Jia and P. Sermanet and S. Reed and D. Anguelov and D. Erhan and V. Vanhoucke and A. Rabinovich", title = "Going deeper with convolutions", journal = "Proceedings of the IEEE Conference on Computer Vision and Pattern Recognition (CVPR)", year = "2015", note = "pp. 1–9"
}
@article{im2,
author = "K. He and X. Zhang and S. Ren and J. Sun", title = "Deep residual learning for image recognition",journal = "Proceedings of the IEEE Conference on Computer Vision and Pattern Recognition (CVPR)", year = "2016", note ="pp. 770–778"
}
@article{im3,
author = "C. Szegedy and V. Vanhoucke and S. Ioffe and J. Shlens and Z. Wojna", title = "Rethinking the inception architecture for computer vision", journal= "Proceedings of the IEEE Conference on Computer Vision and Pattern Recognition (CVPR)", year = "2016", note = "pp. 2818–2826"
}
@article{im4,
author = "C. Szegedy and S. Ioffe and V. Vanhoucke", title = "Inception-v4, inception-resnet and the impact of residual connections on learning", journal = "Proceedings of the AAAI Conference on Artificial Intelligence", year = "2017", note = "pp. 4278–4284"
}



@article{pool1,
author="A. Hyvärinen and U. Köster", title = "Complex cell pooling and the statistics of natural images", journal = "Network: Computation in Neural
Systems ", year = "2007", note = "pp. 81–100"}

@article{pool2,
author = "D. Yu and H. Wang and P. Chen and Z. Wei",title = "Mixed pooling for convolutional neural networks", journal = "Proceedings of the Rough Sets and Knowledge Technology (RSKT)", year = "2014", note = "pp. 364–375"
}
@article{pool3,
author = "M. D. Zeiler and R. Fergus", title = "Stochastic pooling for regularization of deep convolutional neural networks", journal = "Proceedings of the International Conference on Learning Representations (ICLR)", year = "2013"
}
@article{pool4,
author = "O. Rippel and J. Snoek and R. P. Adams", title = "Spectral representations for convolutional neural networks", journal = "Proceedings of the Advances in Neural Information Processing Systems (NIPS)", year = "2015", note = "pp. 2449–2457"
}

@article{deepforest,
author = "Zhi-Hua Zhou and Ji Feng",
title = "Deep Forest",
journal = "arXiv:1702.08835v3 [cs.LG]",
year = "2018"
}

@article{ann1,
title = "Learning Autoencoded Radon Projections",
author = "Aditya Sriram
 and Shivam Kalra
 and H.R. Tizhoosh
 and Shahryar Rahnamayan",
 year = "2017",
 note = "arXiv:1710.01247v1 [cs.CV]"
}

@book{ann2,
author = "Laurane Fausett",
title = "Fundamentals of neural networks",
year={1994},
note = "http://www.csbdu.in/csbdu-old/pdf/Fundamentals\%20Of\%20Neural\%20Networks.pdf"
}

@article{photoredSDSS,
title = "Photometric redshifts for the SDSS Data Release 12",
author = "R. Beck and al.",
 year = "2016",
 note = "MNRAS, arXiv:1603.09708v2"
}
@article {sgd_,
author = "Matteo Fischett and Iacopo Mandatelli and Domenico Salvagnin ", 
title = "Faster SGD training by minibatch persistency",
note = "arXiv:1806.07353v1",
year = "2018"
}
@article{adagrad,
title = "Adaptive Subgradient Methods for Online Learning and Stochastic Optimization",
author = "John Duchi and Elad Hazan and Yoram Singer",
year = "2010",
journal = "Journal of Machine Learning Research"
}

@article{adam,
title = "A Method for Stochastic Optimization",
author = "Diederik P. Kingma and Jimmy Lei Ba",
note = "arXiv:1412.6980v9",
year ="2017"
}

@article{relu,
authors = "V. Nair and G.E. Hinton",
title ="Rectified linear units improve restricted Boltzmann machines",
journal = "Proceedings of the International Conference on Machine Learning (ICML)", year = "2010", year = "pp. 807-814"
}

@article{rnna,
author = "A.L. Maas and A.Y. Hannun and A.Y. Ng",
title = "Rectifier nonlinearities improve neural network acoustic models",
journal = "Proceedings of the International Conference on Machine Learning (ICML), 30",
year = "2013"
}


@article{erc,
authors = "B. Xu and N. Wang, T. Chen and M. Li",
title = "Empirical evaluation of rectified activations in convolutional network",
journal = "Proceedings of the International Conference on Machine Learning (ICML) Workshop",
year = "2015"
}

@article{boost,
authors = "Ramraj Santhanam and Nishant Uzir and Sunil Raman and Shatadeep Banerjee",
title = "Experimenting XGBoost Algorithm for Prediction and Classification of Different Datasets",
journal = "National Conference on Recent Innovations in Software Engineering and Computer Technologies (NCRISECT)",
year = "2017"
}
@article {adavencedCNN,
authors = "Jiuxiang Gu and and Zhenhua Wang and and Jason Kuen and Lianyang Ma and Amir Shahroudy and Bing Shuai and Ting Liu and Xingxing Wang and Li Wang and Gang Wang and Jianfei Cai and Tsuhan Chen",
title = "Recent Advances in Convolutional Neural Networks",
year = "2017",
note = "arXiv:1512.07108v6 "
}

@article{scikit-learn,
 title={Scikit-learn: Machine Learning in {P}ython},
 author={Pedregosa, F. and Varoquaux, G. and Gramfort, A. and Michel, V.
         and Thirion, B. and Grisel, O. and Blondel, M. and Prettenhofer, P.
         and Weiss, R. and Dubourg, V. and Vanderplas, J. and Passos, A. and
         Cournapeau, D. and Brucher, M. and Perrot, M. and Duchesnay, E.},
 journal={Journal of Machine Learning Research},
 volume={12},
 pages={2825--2830},
 year={2011}
}

@article{rcnn,
	authors = "Kaiming He and Georgia Gkioxari and Piotr Dollár and Ross Girshick", 
	year = "2017",
	title = "Mask R-CNN",
	journal = "Computer Vision (ICCV), 2017 IEEE International Conference",
	note = "arXiv:1703.06870v3"
}


@misc{ramps,
	authors = "Alexandre Boucaud and Emille E. O. Ishida",
	title = "https://github.com/ramp-kits/supernovae/blob/master/PLAsTiCC_starting_kit.ipynb"
}

@article {bazin,
	title = "The Core-collapse rate from the Supernova Legacy Survey",
	authors = "G. Bazin and N. Palanque-Delabrouille and J. Rich and V. Ruhlmann-Kleider and E. Aubourg and L. Le Guillou and P. Astier and C. Balland and S. Basa and R. G. Carlberg and A. Conley and D. Fouchez and J. Guy and D. Hardin and I. M. Hook  and D. A. Howell and R. Pain and K. Perrett and C. J. Pritchet and N. Regnault and M. Sullivan and P. Antilogus and V. Arsenijevic and S. Baumont and S. Fabbro and J. Le Du and C. Lidman and M. Mouchet and A. Mourao and E. S. Walker",
	note = "arXiv:0904.1066v",
	date = "2009"
}

@article{timereview,
title = "The great time series classification bake off: a review and experimental evaluation of recent algorithmic advances",
authors = "Anthony Bagnall and Jason Lines and Aaron Bostrom and James Large",
journal = "Data Min Knowl Disc (2017) 31:606–660",
note = "DOI 10.1007/s10618-016-0483-9"
}

@article{sax,
title = "A Symbolic Representation of Time Series, with Implications for Streaming Algorithms", 
authors = "Jessica Lin and Eamonn Keogh and Stefano Lonardi and Bill Chiu",
date = ""
}

@article{decisionTree,
title = "Introduction of decision trees",
authors = "J.R. QUINLAN",
date = "1985",
DOI ="https://doi.org/10.1007/BF00116251",
journal = "Kluwer Academic Publishers"
, note = "Print ISSN : 0885-6125"}

@article{randomForest,
authors="LEO BREIMAN",
title = "Random Forest",
journal = "Kluwer Academic Publishers",
date = "2001",
DOI = "https://doi.org/10.1023/A:1010933404324",
note = "Print ISSN: 0885-6125"
}
@article{knn,
	title = "An adaptive k-nearest neighbor algorithm",
	authors = "Shiliang Sun and Rongqing Huang",
	DOI = "10.1109/FSKD.2010.5569740",
	journal =  "IEEE",
	date = "2010"
}

@article{lsst,
	title={LSST Science Book, Version 2.0},
	author={Abell, P.~A. and Allison, J. and Anderson, S.~F. and Andrew, J.~R. and Angel, J.~R.~P. and Armus, L. and Arnett, D. and Asztalos, S.~J. and Axelrod, T.~S. and Bailey, S and others},
	archivePrefix = "arXiv",
	eprint = {0912.0201},
	year={2009}
}

@article{rl,
	authors = "M. El Sanharawi and F. Naudet",
	title = "Comprendre la régression logistique",
	journal = "Science direct",
	DOI = "https://doi.org/10.1016/j.jfo.2013.05.008",
	date = "2013"
}










